%% This BibTeX bibliography file was created using BibDesk.
%% http://bibdesk.sourceforge.net/


%% Created for Chao ZHOU at 2012-04-23 17:26:08 +0800 


%% Saved with string encoding Unicode (UTF-8) 



@inproceedings{CHAO11,
	Abstract = {We propose a methodological and technical solution to make the space of the game
      massively "participative", at the scale of a city or of a territory. Such a
      space has to propose rich functions allowing not only to confront multiple
      players using the existing objects of this space, but also to co-design  the
      space of the game. Co-building of the scenes, discussing of the rules are
      possible for a wide group. In the future local partners of a given city will be
      able to add easily scenes, elements of scenes and micro-games transposing
      appropriate sustainability situations for their city by forms of rapid
      prototyping, without having to pass by the computer specialists. The space of
      the game will be indeed "participative" at the same time for players and
      designers groups.
      With the appropriate knowledge models and participation architectures of the
      Social Semantic Web that we propose, a powerful and semiotic mapping of the
      items in the gaming situations is made possible at a large scale. As a
      consequence, participants can more easily interact and learn with items and
      rules. Such architectures should allow a broader participation to the game
      design: rather than  encouraging isolation of participants in virtual worlds
      making reality further away, this could encourage them, on the contrary,  to
      become more implied  in the social and ecological "real world''" toward augmented
      citizenship   and responsibility.},
	Author = {{Jean-Pierre} {Cahier} and {Nour} {El Mawas} and {Aur{\'e}lien} {B{\'e}nel} and {Chao} {Zhou}},
	Booktitle = {International Conference on Smart and Sustainable City, Shanghai, 6-8 July 2011},
	Title = {{Web 2.0 & Serious Game: Structuring knowledge for participative and educative representations of the City}},
	Year = {2011}}

@inbook{CHAO10,
	Abstract = {Initiated by Manuel Zacklad in 2003, the `Socio-semantic Web' has recently seen
      important developments. Contrary to the Semantic Web, it is not interested in
      formal semantics but in semantics dependent on the human subject and on the
      semiotic substrate. Moreover, it aims at fostering people participation in
      knowledge work, such as Web 2.0 does for entertainment. In this trend, software
      design relies on three human and social phenomena: 
      
      - documents, because they are proofs of something else, not in the manner of a
      mathematical proof but more in line of evidence that is kept and that can be
      mobilized; 
      
      - interpretation, because the meaning of a document depends on its authors and
      readers; 
      
      - intersubjectivity, because the confrontation between conflicting
      interpretations allows to overcome subjectivity.
      We illustrate our definition and design approach with descriptions of a
      course-material sharing platform and of a software enabling collaborative
      analysis. 
      },
	Author = {{Aur{\'e}lien} {B{\'e}nel} and {Chao} {Zhou} and {Jean-Pierre} {Cahier}},
	Booktitle = {From CSCW to Web 2.0: European Developments in Collaborative Design},
	Editor = {Randall and David; Salembier and Pascal},
	Pages = {155-171},
	Publisher = {Springer Verlag},
	Series = {Computer Supported Cooperative Work},
	Title = {{Beyond Web 2.0... And Beyond the Semantic Web}},
	Url = {http://benel.tech-cico.fr/publi/benel_SPRINGER_2010.pdf},
	Year = {2010},
	Bdsk-Url-1 = {http://benel.tech-cico.fr/publi/benel_SPRINGER_2010.pdf}}

@article{CHAO10A,
	Abstract = {This paper deals with how we used a "knowledge organization system" management
      infrastructure to build software  for researchers involved in text
      interpretation.
      Founded on a viewpoints-based model, this implementation highlighted the
      heterogeneity of analyses structures, whether it comes from authors diversity or
      from automation level.   },
	Author = {{Aur{\'e}lien} {B{\'e}nel} and {Christophe} {Lejeune} and {Chao} {Zhou}},
	Journal = {Document num{\'e}rique},
	Number = {2},
	Pages = {41-56},
	Publisher = {Herm{\`e}s-Lavoisier},
	Series = {RSTI},
	Title = {{{\'E}loge de l'h{\'e}t{\'e}rog{\'e}n{\'e}it{\'e} des structures d'analyse de textes}},
	Url = {http://benel.tech-cico.fr/publi/benel_DN_10.pdf},
	Volume = {13},
	Year = {2010},
	Bdsk-Url-1 = {http://benel.tech-cico.fr/publi/benel_DN_10.pdf}}

@phdthesis{CHAO09,
	Author = {{Chao} {Zhou}},
	Publisher = {Universit{\'e} de technologie de Troyes},
	Title = {{Scaling up the Socio-semantic Web: Application protocol and user interfaces}},
	Url = {http://publi.tech-cico.fr/zhou_thesis_v2.pdf},
	Year = {2009},
	Bdsk-Url-1 = {http://publi.tech-cico.fr/zhou_thesis_v2.pdf}}

@inproceedings{CHAO08,
	Author = {{Chao} {Zhou} and {Aur{\'e}lien} {B{\'e}nel}},
	Booktitle = {Proceedings of the eighth international conference on the design of cooperative systems (COOP'08), Carry-le-Rouet, May 20-23, 2008},
	Editor = {Parina Hassanaly and Athissingh Ramrajsingh and Dave Randall and Pascal Salembier and Matthieu Tixier},
	Pages = {242-250},
	Publisher = {Institut d'{\'E}tudes Politiques d'Aix en Provence},
	Title = {{From the crowd to communities: New interfaces for social tagging}},
	Url = {http://benel.tech-cico.fr/publi/zhou_COOP_08.pdf},
	Year = {2008},
	Bdsk-Url-1 = {http://benel.tech-cico.fr/publi/zhou_COOP_08.pdf}}

@inproceedings{CHAO08A,
	Author = {{Manuel} {Zacklad} and {Jean-Pierre} {Cahier} and {Aur{\'e}lien} {B{\'e}nel} and {L'H{\'e}di} {Zaher} and {Christophe} {Lejeune} and {Chao} {Zhou}},
	Booktitle = {Actes des 19e journ{\'e}es francophones d'ing{\'e}nierie des connaissances (IC'2008)},
	Title = {{Intelligence qualitative dans la gestion de risque : r{\^o}le de la documentarisation et des Syst{\`e}mes d'Organisation des Connaissances}},
	Year = {2008}}

@inproceedings{CHAO07,
	Abstract = {Nous pr{\'e}sentons les cat{\'e}gories de la m{\'e}tas{\'e}miotique Hypertopic et le protocole
      du m{\^e}me nom, que nous consid{\'e}rons {\^e}tre des outils particuli{\`e}rement adapt{\'e}s au
      Web socio-s{\'e}mantique, en les illustrant par plusieurs exemples d'applications.
      Nous pr{\'e}senterons des {\'e}l{\'e}ments de description XML d'Hypertopic qui a vocation {\`a}
      faire l'objet d'un standard et nous le comparons {\`a} certains standards actuels du
      Web S{\'e}mantique.
      Mots-cl{\'e}s : Web socio-s{\'e}mantique, m{\'e}tas{\'e}miotique, Hypertopic, ontologies
      s{\'e}miotique, protocole.
      },
	Author = {{Manuel} {Zacklad} and {Aur{\'e}lien} {B{\'e}nel} and {Jean-Pierre} {Cahier} and {L'H{\'e}di} {Zaher} and {Christophe} {Lejeune} and {Chao} {Zhou}},
	Booktitle = {Actes des 18eme journ{\'e}es francophones d'ing{\'e}nierie des connaissances (IC2007)},
	Editor = {Francky Trichet},
	Note = {ISBN 978-2-85428-790-9},
	Pages = {217-228},
	Publisher = {C{\'e}padu{\`e}s},
	Title = {{Hypertopic : une m{\'e}tas{\'e}miotique et un protocole pour le Web socio-s{\'e}mantique}},
	Url = {http://publi.tech-cico.fr/zacklad_IC_07.pdf},
	Year = {2007},
	Bdsk-Url-1 = {http://publi.tech-cico.fr/zacklad_IC_07.pdf}}

@inproceedings{CHAO06,
	Author = {{Chao} {Zhou} and {Aur{\'e}lien} {B{\'e}nel} and {Christophe} {Lejeune}},
	Booktitle = {Proceedings of the thirteenth international conference on Concurrent Engineering, Antibes, September 18-22, 2006},
	Pages = {438-449},
	Publisher = {Amsterdam: IOS Press},
	Series = {Frontiers in Artificial Intelligence and Appl.},
	Title = {{Towards a standard protocol for community-driven organizations of knowledge}},
	Url = {http://benel.tech-cico.fr/publi/zhou_CE_06.pdf},
	Volume = {143},
	Year = {2006},
	Bdsk-Url-1 = {http://benel.tech-cico.fr/publi/zhou_CE_06.pdf}}
